@article{abr:2008,
  author = {Alan I. Abramowitz},
  title = {{Forecasting the 2008 Presidential Election with the Time-for-Change Model.}},
  journal = {PS: Political Science and Politics},
  volume = {41},
  number = {4},
  pages = {691-695},
  year  = {2008}
}

@article{bro:cha:1999,
  author = {Lloyd B. Brown and Henry W. Jr. Chappell},
  title = {{Forecasting presidential elections using history and polls.}},
  journal = {International Journal of Forecasting},
  volume = {15},
  number = {2},
  pages = {127-135},
  year  = {1999}
}

@article{cam:1996,
  author = {James E. Campbell},
  title = {{Polls and Votes: The Trial-Heat Presidential Election Forecasting Model, Certainty, and Political Campaigns}},
  journal = {American Politics Research},
  volume = {24},
  number = {4},
  pages = {408-433},
  year  = {1996}
}

@article{gel:kin:1993,
  author = {Andrew Gelman and Gary King},
  title = {{Why Are American Presidential Election Campaign Polls So Variable When Votes are So Predictable?}},
  journal = {British Journal of Political Science},
  volume = {23},
  number = {1},
  pages = {409-451},
  year  = {1993}
}

@article{loc:gel:2010,
  author = {Kari Lock and Andrew Gelman},
  title = {{Bayesian Combination of State Polls and Election Forecasts.}},
  journal = {Political Analysis},
  volume = {18},
  number = {3},
  pages = {337-348},
  year  = {2010}
}

@article{rig:2009,
  author = {Steven E. Rigdon, et al.},
  title = {{A Bayesian Prediction Model for the U.S. Presidential Election.}},
  journal = {American Politics Research},
  volume = {37},
  number = {4},
  pages = {700-724},
  year  = {2009}
}

@article{lin:2013,
  author = {Drew A. Linzer},
  title = {{Dynamic Bayesian Forecasting of Presidential Elections in the States}},
  journal = {Journal of the American Statistical Association},
  volume = {108},
  number = {501},
  pages = {124-134},
  year  = {2013}
}

@article{riz:2023,
  author = {Rodrigue Rizk, et al.},
  title = {{280 Characters to the White House: Predicting 2020 U.S. Presidential Elections from Twitter Data.}},
  journal = {Comput Math Organ Theory},
  year  = {2023}
}
